%% This BibTeX bibliography file was created using BibDesk.
%% http://bibdesk.sourceforge.net/


%% Created for Olivier Commowick at 2008-06-16 21:02:37 -0400 


%% Saved with string encoding Western (Windows Latin 1) 


@misc{EDP,
    author = {EDP},
    date-added = {2023-02-07 09:59:40 +0100},
    date-modified = {2023-02-07 10:02:02 +0100},
    howpublished = {\url{https://opendata.edp.com/opendata/en/data.html}},
    month = {July},
    title = {EDP Open Data},
    year = {2018},
    note = {Accessed: 2023-01-29}
 }



@misc{voe,
    author = {Vestas},
    date-added = {2023-02-06 10:02:11 +0100},
    date-modified = {2023-02-06 10:04:42 +0100},
    howpublished = {\url{https://voe.vestas.com/public/UserManual.pdf}},
    month = {02},
    title = {VestasOnline Enterprise User Guide},
    year = {2016},
    note = {Accessed: 2023-02-06}
}



@article{Guimond_CVIU_2000,
	Author = {A. Guimond and J. Meunier and J.-P. Thirion},
	Journal = {Computer Vision and Image Understanding},
	Number = {2},
	Pages = {192-210},
	Title = {Average Brain Models: A Convergence Study},
	Volume = {77},
	Year = {2000}
}

@inproceedings{Commowick_MICCAI_2007,
	Author = {Olivier Commowick and Gr{\'e}goire Malandain},
	Booktitle = {Proceedings of the 10th Int. Conf. on Medical Image Computing and Computer-Assisted Intervention - MICCAI 2007, Part II},
	Pages = {203-210},
	Publisher = {Springer Verlag},
	Series = {LNCS},
	Title = {Efficient Selection of the Most Similar Image in a Database for Critical Structures Segmentation},
	Volume = {4792},
	Year = {2007}
}

@misc{Renewable_energy_statistics,
	author = {{European Commission}},
	date-added = {2023-03-26 23:32:45 +0200},
	date-modified = {2023-03-27 00:09:07 +0200},
	howpublished = {\url{https://ec.europa.eu/eurostat/statistics-explained/index.php?title=Renewable_energy_statistics}},
	lastchecked = {2023-03-26},
	month = {03},
	title = {Renewable energy statistics},
	year = {2023},
    note = {Accessed: 2023-03-26}
}


@misc{Renewable_energy_targets,
	author = {{European Commission}},
	date-added = {2023-03-27 00:00:48 +0200},
	date-modified = {2023-03-27 00:12:13 +0200},
	howpublished = {\url{https://energy.ec.europa.eu/topics/renewable-energy/renewable-energy-directive-targets-and-rules/renewable-energy-targets_en}},
	lastchecked = {2023-03-26},
	title = {Renewable energy targets},
	year = {2023},
    note = {Accessed: 2023-03-26}
}

@article{SCADA_NBM_Review,
author = {Tautz-Weinert, Jannis and Watson, Simon},
year = {2017},
month = {03},
pages = {382-394},
title = {Using SCADA data for wind turbine condition monitoring - A review},
volume = {11},
journal = {IET Renewable Power Generation},
doi = {10.1049/iet-rpg.2016.0248}
}

@inproceedings{Letzgus_Log,
author = {Letzgus, Simon},
year = {2020},
month = {12},
pages = {},
title = {Finding meaningful representations of SCADA-log information for data-driven condition monitoring applications},
doi = {10.5281/zenodo.5467486}
}

@article{ML_NBM_Review,
author = {Stetco, Adrian and Dinmohammadi, Fateme and Zhao, Xingyu and Robu, Valentin and Flynn, D. and Barnes, Mike and Keane, John and Nenadic, Goran},
year = {2018},
month = {10},
pages = {},
title = {Machine learning methods for wind turbine condition monitoring: A review},
volume = {133},
journal = {Renewable Energy},
doi = {10.1016/j.renene.2018.10.047}
}

@article{Anomaly_Detection,
author = {Ruff, Lukas and Kauffmann, Jacob and Vandermeulen, Robert and Montavon, Gregoire and Samek, Wojciech and Kloft, Marius and Dietterich, Thomas and MÃ¼ller, Klaus-Robert},
year = {2021},
month = {02},
pages = {1-40},
title = {A Unifying Review of Deep and Shallow Anomaly Detection},
volume = {PP},
journal = {Proceedings of the IEEE},
doi = {10.1109/JPROC.2021.3052449}
}

@book{Natural_Inheritance,
  author         = {Galton, Francis, Sir},
  editor         = {},
  publisher      = {New York, Macmillan and co},
  title          = {Natural inheritance},
  year           = {1894},
  pages          = {282},
  url            = {https://www.biodiversitylibrary.org/item/100260},
  note           = {\url{https://www.biodiversitylibrary.org/bibliography/46339}},
}


@article{Kendall,
author = {Kendall, M. G.},
date-added = {2023-04-04 04:14:29 +0200},
date-modified = {2023-04-04 04:14:29 +0200},
doi = {10.1093/biomet/30.1-2.81},
eprint = {https://academic.oup.com/biomet/article-pdf/30/1-2/81/423380/30-1-2-81.pdf},
issn = {0006-3444},
journal = {Biometrika},
month = {06},
number = {1-2},
pages = {81-93},
title = {{A NEW MEASURE OF RANK CORRELATION}},
url = {https://doi.org/10.1093/biomet/30.1-2.81},
volume = {30},
year = {1938},
bdsk-url-1 = {https://doi.org/10.1093/biomet/30.1-2.81}
}


@article{Deep_Learning,
author = {J{\"{u}}rgen Schmidhuber},
bibsource = {dblp computer science bibliography, https://dblp.org},
biburl = {https://dblp.org/rec/journals/corr/Schmidhuber14.bib},
date-added = {2023-04-05 02:02:26 +0200},
date-modified = {2023-04-05 02:02:26 +0200},
eprint = {1404.7828},
eprinttype = {arXiv},
journal = {CoRR},
timestamp = {Mon, 13 Aug 2018 16:47:28 +0200},
title = {Deep Learning in Neural Networks: An Overview},
url = {\url{http://arxiv.org/abs/1404.7828}},
volume = {abs/1404.7828},
year = {2014},
bdsk-url-1 = {http://arxiv.org/abs/1404.7828}
}


@inproceedings{Linear_Regression_Example_1,
author = {Wang, Xiaofeng and Lu, Guoliang and Yan, Peng},
booktitle = {2019 Prognostics and System Health Management Conference (PHM-Qingdao)},
date-added = {2023-04-05 02:13:24 +0200},
date-modified = {2023-04-05 02:13:24 +0200},
doi = {10.1109/PHM-Qingdao46334.2019.8942902},
pages = {1-5},
title = {Multiple regression analysis based approach for condition monitoring of industrial rotating machinery using multi-sensors},
year = {2019},
bdsk-url-1 = {https://doi.org/10.1109/PHM-Qingdao46334.2019.8942902}
}


@misc{LogPAI,
author = {Lyu, Michael R. and Zhu, Jieming and He, Pinjia and He, Shilin and Liu, Jinyang and Chen, Zhuangbin and Huo, Yintong and Su, Yuxin and Zheng, Zibin},
date-added = {2023-04-05 05:08:48 +0200},
date-modified = {2023-04-05 05:14:38 +0200},
howpublished = {\url{https://logpai.com/}},
title = {LogPAI},
year = {2019}
}




