@Inbook{Fahrmeir2021,
author="Fahrmeir, Ludwig
and Kneib, Thomas
and Lang, Stefan
and Marx, Brian D.",
title="Regression Models",
bookTitle="Regression: Models, Methods and Applications",
year="2021",
publisher="Springer Berlin Heidelberg",
address="Berlin, Heidelberg",
pages="23--84",
abstract="All case studies that have been discussed in Chap.Â 1have one main feature in common: We aim at modeling the effect of a given set of explanatory variables {\$}{\$}x{\_}1,{\backslash}ldots , x{\_}k{\$}{\$}x1,{\ldots},xkon a variable y of primary interest.",
isbn="978-3-662-63882-8",
doi="10.1007/978-3-662-63882-8_2",
url="https://doi.org/10.1007/978-3-662-63882-8_2"
}

