@article{DBLP:journals/corr/abs-1811-03509,
  author    = {Jieming Zhu and
               Shilin He and
               Jinyang Liu and
               Pinjia He and
               Qi Xie and
               Zibin Zheng and
               Michael R. Lyu},
  title     = {Tools and Benchmarks for Automated Log Parsing},
  journal   = {CoRR},
  volume    = {abs/1811.03509},
  year      = {2018},
  url       = {http://arxiv.org/abs/1811.03509},
  eprinttype = {arXiv},
  eprint    = {1811.03509},
  timestamp = {Fri, 23 Nov 2018 12:43:51 +0100},
  biburl    = {https://dblp.org/rec/journals/corr/abs-1811-03509.bib},
  bibsource = {dblp computer science bibliography, https://dblp.org}
}

