@inproceedings{inproceedings,
author = {Brandao, R.F.M. and Carvalho, Jos√© and Maciel-Barbosa, Fernando},
year = {2010},
month = {01},
pages = {1-4},
title = {Neural networks for condition monitoring of wind turbines},
volume = {6},
isbn = {978-83-921315-7-1},
journal = {J Energy Power Eng}
}