@article{article,
author = {El-Hashash, Essam and Hassan, Raga},
year = {2022},
month = {10},
pages = {36-48},
title = {A Comparison of the Pearson, Spearman Rank and Kendall Tau Correlation Coefficients Using Quantitative Variables},
volume = {20},
journal = {Asian Journal of Probability and Statistics},
doi = {10.9734/AJPAS/2022/v20i3425}
}