@inproceedings{inproceedings,
author = {Brandao, R.F.M. and Carvalho, Jos√© and Maciel-Barbosa, Fernando},
year = {2015},
month = {06},
pages = {},
title = {Intelligent System for Fault Detection in Wind Turbines Gearbox},
doi = {10.1109/PTC.2015.7232407}
}