@article{article,
author = {Lee, K.-Y and Kim, K.-H and Kang, J.-J and Choi, S.-J and Im, Y.-S and Lee, Y.-D and Lim, Y.-S},
year = {2017},
month = {01},
pages = {9820-9825},
title = {Comparison and analysis of linear regression & artificial neural network},
volume = {12},
journal = {International Journal of Applied Engineering Research}
}