@inproceedings{inproceedings,
author = {Boersma, Sjoerd and Doekemeijer, Bart and Gebraad, Pieter and Fleming, Paul and Annoni, Jennifer and Scholbrock, Andrew and Frederik, Joeri and Wingerden, J. W.},
year = {2017},
month = {05},
pages = {1-18},
title = {A tutorial on control-oriented modeling and control of wind farms},
doi = {10.23919/ACC.2017.7962923}
}