@inproceedings{inproceedings,
author = {Bangalore, Pramod and Bertling Tjernberg, Lina},
year = {2013},
month = {06},
pages = {1-6},
title = {Self evolving neural network based algorithm for fault prognosis in wind turbines: A case study},
journal = {IEEE Powertech Grenoble 2013 Proc.},
doi = {10.1109/PTC.2013.6652218}
}