@inproceedings{inproceedings,
author = {Tang, Liang and Li, Tao and Perng, Chang-Shing},
year = {2011},
month = {10},
pages = {785-794},
title = {LogSig: Generating system events from raw textual logs},
doi = {10.1145/2063576.2063690}
}