@article{article,
author = {Sohoni, Vaishali and Gupta, S. and Nema, Rajesh},
year = {2016},
month = {01},
pages = {1-18},
title = {A Critical Review on Wind Turbine Power Curve Modelling Techniques and Their Applications in Wind Based Energy Systems},
volume = {2016},
journal = {Journal of Energy},
doi = {10.1155/2016/8519785}
}