@article{article,
author = {Feng, Yanhui and Qiu, Yingning and Crabtree, Christopher and Long, Hui and Tavner, P.J.},
year = {2011},
month = {01},
pages = {},
title = {Use of SCADA and CMS signals for failure detection & diagnosis of a wind turbine gearbox}
}