@inproceedings{Das2021ACS,
  title={A Comparative Study on TF-IDF Feature Weighting Method and Its Analysis Using Unstructured Dataset},
  author={Mamata Das and Selvakumar Kamalanathan and Pja Alphonse},
  booktitle={International Conference on Computational Linguistics and Intelligent Systems},
  year={2021}
}