@article{article,
author = {Garlick, William and Dixon, Roger and Watson, Simon},
year = {2009},
month = {01},
pages = {},
title = {A model-based approach to wind turbine condition monitoring using SCADA data}
}