@article{article,
author = {Shima, Keiichi},
year = {2016},
month = {11},
pages = {},
title = {Length Matters: Clustering System Log Messages using Length of Words}
}