@inproceedings{inproceedings,
author = {Leahy, Kevin and Gallagher, Colm and Bruton, Ken and O'Donovan, Peter and O' Sullivan, Dominic},
year = {2017},
month = {11},
pages = {012011},
title = {Automatically Identifying and Predicting Unplanned Wind Turbine Stoppages Using SCADA and Alarms System Data: Case Study and Results},
volume = {926},
journal = {Journal of Physics: Conference Series},
doi = {10.1088/1742-6596/926/1/012011}
}