@ARTICLE{9826735,
  author={Andrade, J. R. and Rocha, C. and Silva, R. and Viana, J. P. and Bessa, Ricardo J. and Gouveia, C. and Almeida, B. and Santos, R. J. and Louro, M. and Santos, P. M. and Ribeiro, A. F.},
  journal={IEEE Access}, 
  title={Data-Driven Anomaly Detection and Event Log Profiling of SCADA Alarms}, 
  year={2022},
  volume={10},
  number={},
  pages={73758-73773},
  doi={10.1109/ACCESS.2022.3190398}}
