@article{DBLP:journals/corr/Schmidhuber14,
  author    = {J{\"{u}}rgen Schmidhuber},
  title     = {Deep Learning in Neural Networks: An Overview},
  journal   = {CoRR},
  volume    = {abs/1404.7828},
  year      = {2014},
  url       = {http://arxiv.org/abs/1404.7828},
  eprinttype = {arXiv},
  eprint    = {1404.7828},
  timestamp = {Mon, 13 Aug 2018 16:47:28 +0200},
  biburl    = {https://dblp.org/rec/journals/corr/Schmidhuber14.bib},
  bibsource = {dblp computer science bibliography, https://dblp.org}
}

