@inproceedings{DBLP:conf/issre/HeZHL16,
  author    = {Shilin He and
               Jieming Zhu and
               Pinjia He and
               Michael R. Lyu},
  title     = {Experience Report: System Log Analysis for Anomaly Detection},
  booktitle = {27th {IEEE} International Symposium on Software Reliability Engineering,
               {ISSRE} 2016, Ottawa, ON, Canada, October 23-27, 2016},
  pages     = {207--218},
  publisher = {{IEEE} Computer Society},
  year      = {2016},
  url       = {https://doi.org/10.1109/ISSRE.2016.21},
  doi       = {10.1109/ISSRE.2016.21},
  timestamp = {Fri, 24 Mar 2023 00:04:22 +0100},
  biburl    = {https://dblp.org/rec/conf/issre/HeZHL16.bib},
  bibsource = {dblp computer science bibliography, https://dblp.org}
}

