@INPROCEEDINGS{8029742,
  author={He, Pinjia and Zhu, Jieming and Zheng, Zibin and Lyu, Michael R.},
  booktitle={2017 IEEE International Conference on Web Services (ICWS)}, 
  title={Drain: An Online Log Parsing Approach with Fixed Depth Tree}, 
  year={2017},
  volume={},
  number={},
  pages={33-40},
  doi={10.1109/ICWS.2017.13}}
