@ARTICLE{5392672,
  author={Luhn, H. P.},
  journal={IBM Journal of Research and Development}, 
  title={The Automatic Creation of Literature Abstracts}, 
  year={1958},
  volume={2},
  number={2},
  pages={159-165},
  doi={10.1147/rd.22.0159}}
