@INPROCEEDINGS{7579781,
  author={He, Pinjia and Zhu, Jieming and He, Shilin and Li, Jian and Lyu, Michael R.},
  booktitle={2016 46th Annual IEEE/IFIP International Conference on Dependable Systems and Networks (DSN)}, 
  title={An Evaluation Study on Log Parsing and Its Use in Log Mining}, 
  year={2016},
  volume={},
  number={},
  pages={654-661},
  doi={10.1109/DSN.2016.66}}
