@INPROCEEDINGS{5463281,
  author={Nagappan, Meiyappan and Vouk, Mladen A.},
  booktitle={2010 7th IEEE Working Conference on Mining Software Repositories (MSR 2010)}, 
  title={Abstracting log lines to log event types for mining software system logs}, 
  year={2010},
  volume={},
  number={},
  pages={114-117},
  doi={10.1109/MSR.2010.5463281}}
