@INPROCEEDINGS{1251233,
  author={Vaarandi, R.},
  booktitle={Proceedings of the 3rd IEEE Workshop on IP Operations & Management (IPOM 2003) (IEEE Cat. No.03EX764)}, 
  title={A data clustering algorithm for mining patterns from event logs}, 
  year={2003},
  volume={},
  number={},
  pages={119-126},
  doi={10.1109/IPOM.2003.1251233}}
