@ARTICLE{7012091,
  author={Bangalore, Pramod and Tjernberg, Lina Bertling},
  journal={IEEE Transactions on Smart Grid}, 
  title={An Artificial Neural Network Approach for Early Fault Detection of Gearbox Bearings}, 
  year={2015},
  volume={6},
  number={2},
  pages={980-987},
  doi={10.1109/TSG.2014.2386305}}
