@INPROCEEDINGS{8942902,
  author={Wang, Xiaofeng and Lu, Guoliang and Yan, Peng},
  booktitle={2019 Prognostics and System Health Management Conference (PHM-Qingdao)}, 
  title={Multiple regression analysis based approach for condition monitoring of industrial rotating machinery using multi-sensors}, 
  year={2019},
  volume={},
  number={},
  pages={1-5},
  doi={10.1109/PHM-Qingdao46334.2019.8942902}}
