@book{bhlitem100260,
	title = {Natural inheritance  },
	copyright = {Not provided. Contact Holding Institution to verify copyright status.},
	url = {https://www.biodiversitylibrary.org/item/100260},
	note = {https://www.biodiversitylibrary.org/bibliography/46339},
	publisher = {New York, Macmillan and co, 1894},
	author = {Galton, Francis, Sir,},
	year = {},
	pages = {282},
	keywords = {Genetics|Heredity|},
}

